Automatically generated by Mendeley Desktop 1.19.4
Any changes to this file will be lost if it is regenerated by Mendeley.

BibTeX export options can be customized via Options -> BibTeX in Mendeley Desktop

@article{Meijs2018,
author = {Meijs, Amber Van Der},
file = {:C$\backslash$:/Users/theto/Documents/thesis/literature/Missing-Data-Imputation-Predicting-Missing-Values.pdf:pdf},
number = {July},
title = {{Missing Data Imputation : Predicting Missing Values}},
year = {2018}
}
